%% This BibTeX bibliography file was created using BibDesk.
%% https://bibdesk.sourceforge.io/

%% Created for Hussain Abuwala at 2019-09-12 17:37:09 +0800 


%% Saved with string encoding Unicode (UTF-8) 



@article{adv,
	Author = {Horning, Ned},
	Date-Added = {2019-09-12 17:07:19 +0800},
	Date-Modified = {2019-09-12 17:08:25 +0800},
	Journal = {Am. Mus. Nat. Hist},
	Pages = {1--27},
	Title = {Introduction to decision trees and random forests},
	Volume = {2},
	Year = {2013}}

@webpage{SVM,
	Date-Added = {2019-09-12 17:01:31 +0800},
	Date-Modified = {2019-09-12 17:01:47 +0800},
	Url = {https://scikit-learn.org/stable/modules/generated/sklearn.svm.SVC.html}}

@webpage{rforest,
	Date-Added = {2019-09-12 16:59:33 +0800},
	Date-Modified = {2019-09-12 16:59:41 +0800},
	Url = {https://scikit-learn.org/stable/modules/generated/sklearn.ensemble.RandomForestClassifier.html}}

@webpage{dtree,
	Date-Added = {2019-09-12 16:57:36 +0800},
	Date-Modified = {2019-09-12 16:57:46 +0800},
	Url = {https://scikit-learn.org/stable/modules/generated/sklearn.tree.DecisionTreeClassifier.html}}

@webpage{scaler,
	Date-Added = {2019-09-12 16:47:37 +0800},
	Date-Modified = {2019-09-12 16:47:59 +0800},
	Url = {https://scikit-learn.org/stable/modules/generated/sklearn.preprocessing.StandardScaler.html}}

@webpage{knn,
	Date-Added = {2019-09-12 16:39:47 +0800},
	Date-Modified = {2019-09-12 16:40:10 +0800},
	Lastchecked = {12 September 2019},
	Url = {https://scikit-learn.org/stable/modules/neighbors.html}}

@webpage{knn_scikit,
	Date-Added = {2019-09-12 16:33:32 +0800},
	Date-Modified = {2019-09-12 16:39:20 +0800},
	Lastchecked = {12 September 2019},
	Url = {https://scikit-learn.org/stable/modules/generated/sklearn.neighbors.KNeighborsClassifier.html}}

@article{mercan2019assessment,
	Author = {Mercan, Ezgi and Mehta, Sachin and Bartlett, Jamen and Shapiro, Linda G and Weaver, Donald L and Elmore, Joann G},
	Date-Added = {2019-09-12 15:58:31 +0800},
	Date-Modified = {2019-09-12 15:59:46 +0800},
	Journal = {JAMA network open},
	Keywords = {American Medical Association},
	Number = {8},
	Pages = {e198777--e198777},
	Title = {Assessment of Machine Learning of Breast Pathology Structures for Automated Differentiation of Breast Cancer and High-Risk Proliferative Lesions},
	Volume = {2},
	Year = {2019}}

@webpage{uci_2016,
	Date-Added = {2019-09-12 15:23:49 +0800},
	Date-Modified = {2019-09-12 15:25:02 +0800},
	Month = {September},
	Rating = {0},
	Url = {https://www.kaggle.com/uciml/breast-cancer-wisconsin-data},
	Year = {2016}}

@article{west2005ensemble,
	Author = {West, David and Mangiameli, Paul and Rampal, Rohit and West, Vivian},
	Date-Added = {2019-09-12 15:20:02 +0800},
	Date-Modified = {2019-09-12 15:21:46 +0800},
	Journal = {European Journal of Operational Research},
	Number = {2},
	Pages = {532--552},
	Title = {Ensemble strategies for a medical diagnostic decision support system: A breast cancer diagnosis application},
	Volume = {162},
	Year = {2005}}

@webpage{cancer_data,
	Date-Added = {2019-09-12 15:15:30 +0800},
	Date-Modified = {2019-09-12 15:17:53 +0800},
	Keywords = {World Cancer Research Fund},
	Month = {July},
	Url = {https://www.wcrf.org/dietandcancer/cancer-trends/worldwide-cancer-data},
	Year = {2019}}
